@mastersthesis{jheengut2008MRTsoftcrr,
  document_type     = {B{S}c {D}issertation},
  timestamp         = {20080417},
  author            = {Pritvi Jheengut},
  title             = {Software {C}orrelation},
  school            = {University of {M}auritius},
  year              = {2008},
  type              = {B{S}c {D}issertation},
  month             = {April},
  project           = {softwarecorrelation}
}    

@mastersthesis{woods2010accelerating,
  timestamp         = {20101028},
  author={ Andrew Woods and Inggs, Michael and Langman, Alan},
  title={Accelerating {S}oftware {R}adio {A}stronomy {FX} {C}orrelation with {GPU} and {FPGA} {C}o-processors},
  school            = {University of {C}ape {T}own},
  year              = {2010},
  month             = {October},
  url ={http://www.rrsg.uct.ac.za/members/drew/andrew_woods_msc.pdf},
}

@mastersthesis{ginourie2010MRTfrtendbckend,
  document_type     = {B{S}c {D}issertation},
  timestamp         = {20100331},
  author            = {Sabera Bibi Ginourie},
  title             = {A prototype front-end and backend receiver system for radioastronomy},
  school            = {University of {M}auritius},
  year              = {2010},
  type              = {B{S}c {D}issertation},
  month             = {March},
  project           = {digitalsystems}
}    

@mastersthesis{nitisha2013MITRAbckend,
  document_type     = {B{S}c {D}issertation},
  author            = {Nitisha Pirthee},
  title             = {{DIGITAL} {BACK} {END} {FOR} {MITRA} {PROTOTYPE}},
  school            = {University of {M}auritius},
  year              = {2013},
  type              = {B{S}c {D}issertation},
  month             = {April},
  project           = {digitalbackendsystems}
}    

@mastersthesis{cecile2014DEMGPU,
  document_type     = {B{S}c Dissertation},
  author            = {Mario Guillaume Cecile},
  title             = {Enhancement of some computational physics algorithms using {P}arallel {C}omputing and the {G}raphical {P}rocessing {U}nit},
  school            = {University of {M}auritius},
  year              = {2014},
  type              = {B{S}c Dissertation},
  month             = {March},
  project           = {GPUDEM}
}    
    
@inproceedings{woods2009accelerating,
  title={Accelerating a {S}oftware {R}adio {A}stronomy {C}orrelator using {FPGA} co-processors},
  author={Woods, Andrew and Inggs, Michael and Langman, Alan},
  booktitle={{S}ymposium on {A}pplication {A}ccelerators in {H}igh {P}erformance {C}omputing},
  year={2009},
  url={http://www.researchgate.net/publication/228407144_Accelerating_a_Software_Radio_Astronomy_Correlator_using_FPGA_co-processors/file/79e4150ad456b10386.pdf}
}
@article{ord2009gpus,
  title={{GPU}s for data processing in the {MWA}},
  author={Ord, S and Greenhill, L and Wayth, R and Mitchell, D and Dale, K and Pfister, H and Edgar, RG},
  journal={arXiv preprint arXiv:0902.0915},
  url={http://arxiv.org/pdf/0902.0915},
  year={2009}
}

@article{harris2008gpu,
  title={{GPU} accelerated radio astronomy signal convolution},
  author={Harris, Chris and Haines, Karen and Staveley-Smith, Lister},
  journal={Experimental Astronomy},
  volume={22},
  number={1-2},
  pages={129--141},
  year={2008},
  publisher={Springer},
  url={http://www.gpucomputing.net/sites/default/files/papers/962/charris_gpu_convolution.pdf}
}
 	   @article{AdamDiFX2007,
     jstor_articletype = {research-article},
     title = {DiFX: A Software Correlator for Very Long Baseline Interferometry Using Multiprocessor Computing Environments},
     author = {Adam Travis Deller and S. J. Tingay and M. Bailes, and C. West},
     journal = {Publications of the Astronomical Society of the Pacific},
     jstor_issuetitle = {},
     volume = {119},
     number = {853},
     jstor_formatteddate = {March 2007},
     pages = {pp. 318-336},
     url = {http://www.jstor.org/stable/10.1086/513572},
     ISSN = {00046280},
     abstract = {ABSTRACT We describe the development of an FX‐style correlator for very long baseline interferometry (VLBI), implemented in software and intended to run in multiprocessor computing environments, such as large clusters of commodity machines (Beowulf clusters) or computers specifically designed for high‐performance computing, such as multiprocessor shared‐memory machines. We outline the scientific and practical benefits for VLBI correlation, these chiefly being due to the inherent flexibility of software and the fact that the highly parallel and scalable nature of the correlation task is well suited to a multiprocessor computing environment. We suggest scientific applications where such an approach to VLBI correlation is most suited and will give the best returns. We report detailed results from the Distributed FX (DiFX) software correlator running on the Swinburne supercomputer (a Beowulf cluster of ∼300 commodity processors), including measures of the performance of the system. For example, to correlate all Stokes products for a 10 antenna array with an aggregate bandwidth of 64 MHz per station, and using typical time and frequency resolution, currently requires an order of 100 desktop‐class compute nodes. Due to the effect of Moore’s law on commodity computing performance, the total number and cost of compute nodes required to meet a given correlation task continues to decrease rapidly with time. We show detailed comparisons between DiFX and two existing hardware‐based correlators: the Australian Long Baseline Array S2 correlator and the NRAO Very Long Baseline Array correlator. In both cases, excellent agreement was found between the correlators. Finally, we describe plans for the future operation of DiFX on the Swinburne supercomputer for both astrophysical and geodetic science.},
     language = {English},
     year = {2007},
     publisher = {The University of Chicago Press on behalf of the Astronomical Society of the Pacific},
     copyright = {Copyright © 2007 The University of Chicago Press},
    }
@book{thompson2008interferometry,
  title={Interferometry and synthesis in radio astronomy},
  author={Thompson, A Richard and Moran, James M and Swenson Jr, George W},
  year={2008},
  publisher={John Wiley \& Sons}
}

@techreport{nvidiaFermi2009,
     title = { White paper: {{NVIDIA}'s {N}ext {G}eneration {CUDA{\tiny{$^\textrm{TM}$}}} {C}ompute {A}rchitecture {F}ermi{\tiny{$^\textrm{TM}$}}}},
     author = {NVIDIA},
     group = {NVIDIA},
     year = {2009},
     month = {September},
     url = {http://www.nvidia.com/content/pdf/fermi_white_papers/nvidia_fermi_compute_architecture_whitepaper.pdf}
     }

@techreport{nvidiaKepler2012,
     title = { White paper: {NVIDIA}'s {N}ext {G}eneration {CUDA{\tiny{$^\textrm{TM}$}}} {C}ompute {A}rchitecture {{K}epler{\tiny{$^\textrm{TM}$}}} {GK110}, {T}he {F}astest, {M}ost {E}fficient {HPC} {A}rchitecture {E}ver {B}uilt},
     author = {NVIDIA},
     group = {NVIDIA},
     year = {2012},
     month = {May},
     url = {http://www.nvidia.com/content/PDF/kepler/NVIDIA-kepler-GK110-Architecture-Whitepaper.pdf}
     }
@techreport{nvidiaMaxwellGTX750ti2014,
     title = { White paper: {{NVIDIA} {G}e{F}orce {GTX} 750 {T}i }, {F}eaturing {F}irst-{G}eneration {M}axwell {GPU} {T}echnology, {D}esigned for {E}xtreme {P}erformance per {W}att},
     author = {NVIDIA},
     group = {NVIDIA},
     year = {2014},
     month = {February},
     url = {http://international.download.nvidia.com/geforce-com/international/pdfs/GeForce-GTX-750-Ti-Whitepaper.pdf}
     }

@techreport{nvidiaMaxwellGTX980.2014,
     title = { White paper: {{NVIDIA} {G}e{F}orce {GTX} 980}, {F}eaturing {M}axwell, {T}he {M}ost {A}dvanced {GPU} {E}ver {M}ade},
     author = {NVIDIA},
     group = {NVIDIA},
     year = {2014},
     month = {September},
     url = {http://international.download.nvidia.com/geforce-com/international/pdfs/GeForce_GTX_980_Whitepaper_FINAL.PDF}
     }

@inproceedings{van2009using,
  title={Using many-core hardware to correlate radio astronomy signals},
  author={Van Nieuwpoort, Rob V and Romein, John W},
  booktitle={Proceedings of the 23rd international conference on Supercomputing},
  pages={440--449},
  year={2009},
  organization={ACM},
  url={http://www.astron.nl/~romein/papers/ICS-09/correlator.pdf}
}

@techreport{nicoPlatelCUDA2010,
  type = {Internship Report},
  author = {Nicolas Platel},
  title = {Implémentation d'un corrélateur sur une carte GPU},
  submissiondate = {2010/08/25},
  year = {2010},
  institution = {Mauritius Radio Telescope}
}
@article{hobiger2010gpu,
  title={GPU based software correlators-perspectives for VLBI2010},
  author={Hobiger, Thomas and Kimura, Moritaka and Takefuji, Kazuhiro and Oyama, Tomoaki and Koyama, Yasuhiro and Kondo, Tetsuro and Gotoh, Tadahiro and Amagai, Jun},
  journal={Proceedings, p},
  volume={40},
  pages={44},
  year={2010},
  url={http://ivs.nict.go.jp/mirror/publications/gm2010/hobiger1.pdf}
}
@inproceedings{ford2010heterogeneous,
  title={Heterogeneous real-time computing in radio astronomy},
  author={Ford, John M and Demorest, Paul and Ransom, Scott},
  booktitle={SPIE Astronomical Telescopes+ Instrumentation},
  pages={77400A--77400A},
  year={2010},
  organization={International Society for Optics and Photonics},
  url={http://dx.doi.org/10.1117/12.857666}
}



@article{veligatlaadaptive,
  title={Adaptive Beam-forming for Radio Astronomy On GPU},
  author={Veligatla, VK and Labropoulos, P and Koopmans, LVE},
  year={2011},
  url={http://on-demand.gputechconf.com/gtc/2012/posters/P0191_AdaptiveBeamForming_Veligatla.pdf}
}
@inproceedings{sclocco2012radio,
  title={Radio astronomy beam forming on Many-Core architectures},
  author={Sclocco, Alessio and Varbanescu, Ana Lucia and Mol, Jan David and van Nieuwpoort, Rob V},
  booktitle={Parallel \& Distributed Processing Symposium (IPDPS), 2012 IEEE 26th International},
  pages={1105--1116},
  year={2012},
  organization={IEEE},
  url={http://sclocco.eu/pubs/Presentation_IPDPS2012.pdf}
}
@article{clark2012accelerating,
  title={Accelerating radio astronomy cross-correlation with graphics processing units},
  author={Clark, MA and La Plante, PC and Greenhill, Lincoln J},
  journal={International Journal of High Performance Computing Applications},
  pages={1094342012444794},
  year={2012},
  publisher={Sage Publications},
  url={http://arxiv.org/pdf/1107.4264}
}

@inproceedings{romein2012efficient,
  title={An efficient work-distribution strategy for gridding radio-telescope data on gpus},
  author={Romein, John W},
  booktitle={Proceedings of the 26th ACM international conference on Supercomputing},
  pages={321--330},
  year={2012},
  organization={ACM},
  url={http://www.astron.nl/~romein/papers/ICS-12/gridding.pdf}
}

@inproceedings{vVamsiGTC2012,
  author ={V. Vamsi Krishna, Dr. Panos Labropoulos, Prof. Leon V. E. Koopmans},
  title = {{GPU}’s for {R}adio {I}maging},
  booktitle = {2012 GPU Technology Conference (GTC 2012)},
  year = {2012},
  url={http://on-demand.gputechconf.com/gtc/2012/presentations/S0187-GPUs-for-Radio-Imaging.pdf}
}
@inproceedings{mClarkGTC2012Fermi,
  author ={Mike Clark, Lincoln Greenhill and Paul LaPlante},
  title = {Accelerating {R}adio {A}stronomy {C}ross-{C}orrelation {B}eyond 1 {T}flops {U}sing {F}ermi},
  booktitle = {2012 GPU Technology Conference (GTC 2012)},
  year = {2012},
  url={http://on-demand.gputechconf.com/gtc/2012/presentations/S0347-Accelerating-Radio-Astronomy-Cross-Correlation-1-TFlops-Fermi.pdf}
}

@inproceedings{mClarkGTC2013Kepler,
  author ={Ben Barsdell, Mike Clark, Lincoln Greenhill, Jonathon Kocz},
  title = {Accelerating {R}adio {A}stronomy {C}ross-{C}orrelation {U}sing the {K}epler {A}rchitecture},
  booktitle = {2013 GPU Technology Conference (GTC 2013)},
  year = {2013},
  url={http://on-demand.gputechconf.com/gtc/2013/presentations/S3497-Accelerating-Radio-Astronomy-Cross-Correlation.pdf}
}

@inproceedings{mClark.sBhatnagar.GTC2014,
  author ={S. Bhatnagar,P. K. Gupta, M. Clark},
  title = {GPU based imager for radio astronomy},
  booktitle = {2014 GPU Technology Conference (GTC 2014)},
  year = {2014},
  url={http://on-demand.gputechconf.com/gtc/2014/presentations/S4223-gpu-based-imager-for-radio-astronomy.pdf}
}

@inproceedings{mClarkGTC2014Maxwell,
  author ={Ben Barsdell, Mike Clark, Lincoln Greenhill, Jonathon Kocz},
  title = {Petascale {C}ross-{C}orrelation, {E}xtreme {S}ignal {P}rocessing meets {HPC}},
  booktitle = {2014 GPU Technology Conference (GTC 2014)},
  year = {2014},
  url={http://on-demand.gputechconf.com/gtc/2014/presentations/S4511-petascale-cross-correlation-signal-processing-hpc.pdf}
}


@inproceedings{harshavardhanGTC2013,
  author ={Harshavardhan Reddy Suda, Pradeep Kumar Gupta},
  title = {Powering {R}eal-time {R}adio {A}stronomy {S}ignal {P}rocessing with {GPU}s. {D}esign of a {GPU} based real-time backend for the upgraded {GMRT}},
  booktitle = {2013 GPU Technology Conference (GTC 2013)},
  year = {2013},
  url={http://on-demand.gputechconf.com/gtc/2013/presentations/S3225-RT-Radio-Astronomy-Signal-Processing.pdf}
}

@inproceedings{amrH.HassanGTC2014,
  author ={Amr H. Hassan, Christopher Fluke, David Barnes, Virginia Kilborn},
  title = {Astronomical``{B}ig {D}ata'' {A}nalysis and {V}isualization},
  booktitle = {2014 GPU Technology Conference (GTC 2014)},
  year = {2014},
  url={http://on-demand.gputechconf.com/supercomputing/2012/presentation/SB001-Hassan-Astronomical-Data-Analysis-Visualization.pdf}
}


@inproceedings{alexBogertGTC2014,
  author ={Alex Bogert, John Holdener, and Nicholas Smith},
  title = {Interactive {V}isualization of {A}strophysical {D}ata},
  booktitle = {2014 GPU Technology Conference (GTC 2014)},
  year = {2014},
  url={http://on-demand.gputechconf.com/gtc/2014/poster/pdf/P4201_HiPACC_astronomy_astrophysics_visualization.pdf}
}

@inproceedings{dominiqueIngalaAfricon2013,
  author ={Dominique Ingala},
  title = {An {O}verview of the {MITRA} {R}adio {T}elescope {S}ignal {C}hain},
  booktitle = {{IEEE} {A}fricon {2013/URSI}},
  year = {2013},
  url={http://www.ursi-nederland.nl/Africon_pres/20130911-07-Ingala.pdf}
}
					
@misc{jdf.webinar.2,
  title = {{NAASC}: A Crash Course in Radio Astronomy and Interferometry: {Aperture Synthesis}},
  author={James Di Francesco},
  publisher={National Research Council of Canada, North American ALMA Regional Center – Victoria},
  howpublished = {\url{https://science.nrao.edu/science/meetings/ppt-presentation/jdf.webinar.2.pdf/at_download/file}},
  note = {Accessed: 29 October 2014},
  year={2014}
}
@misc{wilner.siw2014,
  title = {{NRAO}: Imaging and Deconvolution},
  author={David J. Wilner},
  publisher={National Research Council of Canada, North American ALMA Regional Center – Victoria},
  url = {https://science.nrao.edu/science/meetings/2014/14th-synthesis-imaging-workshop/lectures-files/wilner_siw2014.pdf},
  note = {Accessed: 29 October 2014},
 year={2014}
}
 @misc{ wiki:diracComb,
   author = "Wikipedia",
   title = "Dirac comb --- Wikipedia{,} The Free Encyclopedia",
   year = "2014",
   url = "http://en.wikipedia.org/w/index.php?title=Dirac_comb&oldid=619618835",
   note = "[Online; accessed 29 October 2014]"
 }
  @misc{ pjbevel.Box,
   author = "pjbevel@gmail.com",
   title = "The {Fourier Transform of the Box Function}",
   year = "2014",
   url = "http://www.thefouriertransform.com/pairs/box.php",
   note = "[Online; accessed 2014]"
 }
 
   @misc{ britannica.Martin,
   author = "{Encyclopedia Britannica}",
   title = "{Sir Martin Ryle}",
   year = "2014",
   url = "http://www.britannica.com/EBchecked/topic/514574/Sir-Martin-Ryle",
   note = "[Online; accessed 2014]"
 }
 
  @misc{ britannica.Quasar,
   author = "{Encyclopedia Britannica}",
   title = "{Quasars}",
   year = "2014",
   url = "http://www.britannica.com/EBchecked/topic/486494/quasar",
   note = "[Online; accessed 2014]"
 }

